<?xml version="1.0" encoding="UTF-8" ?>
<collection xmlns:xsi="http://www.w3.org/2001/XMLSchema-instance"
    xsi:schemaLocation="http://www.loc.gov/MARC21/slim
        http://www.loc.gov/standards/marcxml/schema/MARC21slim.xsd"
    xmlns="http://www.loc.gov/MARC21/slim">
<record>
  <leader>00272cam a2200529 i 4500</leader>
  <controlfield tag="001">b12784850</controlfield>
  <controlfield tag="003">LeBAU</controlfield>
  <controlfield tag="005">20170616</controlfield>
  <controlfield tag="008">971203s1935    sy  fh   b    ||0 0 ara d</controlfield>
  <datafield tag="035" ind1=" " ind2=" ">
    <subfield code="a">ocn784513221</subfield>
  </datafield>
  <datafield tag="040" ind1=" " ind2=" ">
    <subfield code="a">LEAUB</subfield>
    <subfield code="b">ara</subfield>
    <subfield code="e">rda</subfield>
    <subfield code="c">LEAUB</subfield>
    <subfield code="d">LEAUB</subfield>
  </datafield>
  <datafield tag="041" ind1="1" ind2=" ">
    <subfield code="a">ara</subfield>
    <subfield code="b">fre</subfield>
    <subfield code="h">syr</subfield>
  </datafield>
  <datafield tag="082" ind1="0" ind2="4">
    <subfield code="a">281.5</subfield>
    <subfield code="2">22</subfield>
  </datafield>
  <datafield tag="110" ind1="2" ind2=" ">
    <subfield code="6">880-01</subfield>
    <subfield code="a">Catholic Church.</subfield>
    <subfield code="b">Maronite Patriarchate of Antioch,</subfield>
    <subfield code="e">هيئة إصدار. </subfield>
    <subfield code="c">issuing body.</subfield>
  </datafield>
  <datafield tag="245" ind1="1" ind2="0">
    <subfield code="6">880-02</subfield>
    <subfield code="a">Kitāb al-Hudá :</subfield>
    <subfield code="b">wa-huwa dustūr al-ṭā’ifah al-Mārūnīyah fī al-ajyāl al-wuṣṭá /</subfield>
    <subfield code="c">‘arrabahu ‘an al-Suryānīyah sanat 1058 al-Muṭrān Dāwūd al-Mārūnī ; ‘uniya bi-nashr tarjamatihi ‘an makhṭūṭ al-Wātīkān al-Suryānī 133 wa-‘āraḍahu bi-bāqī al-makhṭūṭāt wa-abāna furūqihā al-Akh Buṭrus Tāmir Fahd al-‘Ashqūtī, tilmīdh Madrasat al-Rahbānīyah al-Ḥalabīyah al-Mārūnīyah fī Rūmīyah.</subfield>
  </datafield>
  <datafield tag="246" ind1="1" ind2="5">
    <subfield code="a">al-Hudá</subfield>
  </datafield>
  <datafield tag="246" ind1="3" ind2="0">
    <subfield code="a">Livre de la direction</subfield>
  </datafield>
  <datafield tag="246" ind1="3" ind2="0">
    <subfield code="6">880-03</subfield>
    <subfield code="a">الهدى</subfield>
  </datafield>
  <datafield tag="264" ind1=" " ind2="1">
    <subfield code="6">880-04</subfield>
    <subfield code="a">Ḥalab :</subfield>
    <subfield code="b">al-Maṭba‘ah al-Mārūnīyah,</subfield>
    <subfield code="c">1935.</subfield>
  </datafield>
  <datafield tag="300" ind1=" " ind2=" ">
    <subfield code="6">880-05</subfield>
    <subfield code="a">416, 9 pages, 2 unnumbered leaves of plates :</subfield>
    <subfield code="b">illustrations (some folded), facsimiles (some folded),</subfield>
    <subfield code="c">25 cm</subfield>
  </datafield>
  <datafield tag="336" ind1=" " ind2=" ">
    <subfield code="a">text</subfield>
    <subfield code="b">txt</subfield>
    <subfield code="2">rdacontent</subfield>
  </datafield>
  <datafield tag="336" ind1=" " ind2=" ">
    <subfield code="a">still image</subfield>
    <subfield code="b">sti</subfield>
    <subfield code="2">rdacontent</subfield>
  </datafield>
  <datafield tag="337" ind1=" " ind2=" ">
    <subfield code="a">unmediated</subfield>
    <subfield code="b">n</subfield>
    <subfield code="2">rdamedia</subfield>
  </datafield>
  <datafield tag="338" ind1=" " ind2=" ">
    <subfield code="a">volume</subfield>
    <subfield code="b">nc</subfield>
    <subfield code="2">rdacarrier</subfield>
  </datafield>
  <datafield tag="500" ind1=" " ind2=" ">
    <subfield code="a">"طبع على نفقة الرهبانية"</subfield>
  </datafield>
  <datafield tag="504" ind1=" " ind2=" ">
    <subfield code="a">يتضمن مراجع ببليوغرافية.</subfield>
  </datafield>
  <datafield tag="546" ind1=" " ind2=" ">
    <subfield code="a">النص بالعربية؛ مع مقدمة بالفرنسية.</subfield>
  </datafield>
  <datafield tag="610" ind1="2" ind2="4">
    <subfield code="a">الكنيسة الكاثوليكية</subfield>
    <subfield code="x">الطقوس المارونية</subfield>
    <subfield code="x">عقائد</subfield>
    <subfield code="x">تاريخ.</subfield>
  </datafield>
  <datafield tag="610" ind1="2" ind2="0">
    <subfield code="a">Catholic Church</subfield>
    <subfield code="x">Maronite rite</subfield>
    <subfield code="x">Doctrines</subfield>
    <subfield code="x">History.</subfield>
  </datafield>
  <datafield tag="650" ind1=" " ind2="4">
    <subfield code="a">الموارنة</subfield>
    <subfield code="x">تاريخ.</subfield>
  </datafield>
  <datafield tag="650" ind1=" " ind2="0">
    <subfield code="a">Maronites</subfield>
    <subfield code="x">History.</subfield>
  </datafield>
  <datafield tag="700" ind1="1" ind2=" ">
    <subfield code="6">880-06</subfield>
    <subfield code="a">Fahd, Buṭrus,</subfield>
    <subfield code="e">compiler.</subfield>
  </datafield>
  <datafield tag="700" ind1="0" ind2=" ">
    <subfield code="6">880-07</subfield>
    <subfield code="a">David,</subfield>
    <subfield code="c">Bishop of Aleppo,</subfield>
    <subfield code="d">active 1059,</subfield>
    <subfield code="e">translator.</subfield>
  </datafield>
  <datafield tag="775" ind1="0" ind2=" ">
    <subfield code="6">880-08</subfield>
    <subfield code="t">Kitāb al-Hudá : dustūr al-ṭā’ifah al-Mārūnīyah fī al-ajyāl al-wusṭá</subfield>
    <subfield code="d">Bayrūt : Dār Laḥd Khāṭir lil-Ṭibā‘ah wa-al-Nashr wa-al-Tawzī‘, 1985</subfield>
    <subfield code="w">(OCoLC)784193000</subfield>
    <subfield code="w">(OCoLC)784193000</subfield>
  </datafield>
  <datafield tag="852" ind1=" " ind2=" ">
    <subfield code="a">Jafet Archives and Special Collections</subfield>
    <subfield code="e">American University of Beirut, Bliss Street , Beirut, Lebanon.</subfield>
  </datafield>
  <datafield tag="880" ind1="2" ind2=" ">
    <subfield code="6">110-01/(3/r</subfield>
    <subfield code="a">الكنيسة الكاثوليكية.</subfield>
    <subfield code="b">بطريركية أنطاكية المارونية،</subfield>
    <subfield code="c">issuing body.</subfield>
    <subfield code="4">isb.</subfield>
  </datafield>
  <datafield tag="880" ind1="1" ind2="0">
    <subfield code="6">245-02/(3/r</subfield>
    <subfield code="a">كتاب الهدى :</subfield>
    <subfield code="b">وهو دستور الطائفة المارونية في الأجيال الوسطى /</subfield>
    <subfield code="c">عربه عن السريانية سنة 1058 المطران داود الماروني ؛ عني بنشر ترجمته عن مخطوط الواتيكان السرياني 133 وعارضه بباقي المخطوطات وأبان فروقها الأخ بطرس تامر فهد العشقوتي، تلميذ مدرسة الرهبانية الحلبية المارونية في رومية.</subfield>
  </datafield>
  <datafield tag="880" ind1="3" ind2="0">
    <subfield code="6">246-03/(3/r</subfield>
    <subfield code="a">KITĀB AL-HUDĀ, ou, Livre de la direction</subfield>
  </datafield>
  <datafield tag="880" ind1=" " ind2="1">
    <subfield code="6">264-04/(3/r</subfield>
    <subfield code="a">حلب :</subfield>
    <subfield code="b">المطبعة المارونية،</subfield>
    <subfield code="c">1935.</subfield>
  </datafield>
  <datafield tag="880" ind1=" " ind2=" ">
    <subfield code="6">300-05/(3/r</subfield>
    <subfield code="a">416، 9 صفحات، 2 ورقة لوحات غير مرقمة :</subfield>
    <subfield code="b">مصورات (بعضها مطوي) ، صور طبق الأصل (بعضها مطوي) ؛</subfield>
    <subfield code="c">25 سم</subfield>
  </datafield>
  <datafield tag="880" ind1="1" ind2=" ">
    <subfield code="6">700-06/(3/r</subfield>
    <subfield code="a">فهد، بطرس،</subfield>
    <subfield code="e">معد. </subfield>
    <subfield code="4">com.</subfield>
  </datafield>
  <datafield tag="880" ind1="0" ind2=" ">
    <subfield code="6">700-07/(3/r</subfield>
    <subfield code="a">داود،</subfield>
    <subfield code="c">مطران حلب،</subfield>
    <subfield code="d">اشتهر في العام 1059،</subfield>
    <subfield code="e">مترجم. </subfield>
    <subfield code="4">trl.</subfield>
  </datafield>
  <datafield tag="880" ind1="0" ind2=" ">
    <subfield code="6">775-08/(3/r</subfield>
    <subfield code="t">كتاب الهدى : دستور الطائفة المارونية في الاجيال الوسطى</subfield>
    <subfield code="d">بيروت : دار لحد خاطر للطباعة و النشر و التوزيع، 1985</subfield>
    <subfield code="w">b12318656</subfield>
    <subfield code="w">(OCoLC)784193000</subfield>
  </datafield>
  <datafield tag="907" ind1=" " ind2=" ">
    <subfield code="a">.b12784850</subfield>
    <subfield code="b">17-06-21</subfield>
    <subfield code="c">11-05-24</subfield>
  </datafield>
  <datafield tag="907" ind1=" " ind2=" ">
    <subfield code="a">.b12784850</subfield>
    <subfield code="b">15-10-15</subfield>
    <subfield code="c">11-05-24</subfield>
  </datafield>
  <datafield tag="945" ind1=" " ind2=" ">
    <subfield code="f">CA</subfield>
    <subfield code="a">281.5:K62kaA:c.1</subfield>
    <subfield code="i">01070723</subfield>
    <subfield code="j">.i13376822</subfield>
    <subfield code="l">u0304</subfield>
  </datafield>
  <datafield tag="998" ind1=" " ind2=" ">
    <subfield code="a">u03</subfield>
    <subfield code="b">97-12-03</subfield>
    <subfield code="c">m</subfield>
    <subfield code="d">a</subfield>
    <subfield code="e">-</subfield>
    <subfield code="f">ara</subfield>
    <subfield code="g">sy </subfield>
    <subfield code="h">0</subfield>
    <subfield code="i">1</subfield>
  </datafield>
</record>
</collection>
